<record xmlns="http://www.loc.gov/MARC21/slim" xmlns:xsi="http://www.w3.org/2001/XMLSchema-instance" xsi:schemaLocation="http://www.loc.gov/MARC21/slim http://www.loc.gov/standards/marcxml/schema/MARC21slim.xsd"><leader>     nam a22        4500</leader><controlfield tag="001">3233781</controlfield><controlfield tag="003">NNC</controlfield><controlfield tag="006">m        d        </controlfield><controlfield tag="007">cr cn |||m|||a</controlfield><controlfield tag="008">150601s1931    ua      o     000 0 arard</controlfield><datafield ind1=" " ind2=" " tag="040"><subfield code="a">NNU</subfield><subfield code="b">eng</subfield><subfield code="e">rda</subfield><subfield code="c">NNU</subfield></datafield><datafield ind1=" " ind2="4" tag="050"><subfield code="a">CS19</subfield><subfield code="b">.I26</subfield></datafield><datafield ind1="1" ind2=" " tag="100"><subfield code="6">880-01</subfield><subfield code="a">Ibn &#699;Abd al-Barr, Yu&#772;suf ibn &#699;Abd Alla&#772;h,</subfield><subfield code="d">978 or 979-1071.</subfield></datafield><datafield ind1="1" ind2="3" tag="245"><subfield code="6">880-02</subfield><subfield code="a">al-Qas&#803;d wa-al-umam fi&#772; al-ta&#699;ri&#772;f bi-us&#803;u&#772;l ansa&#772;b al-&#699;Arab wa-al-&#699;Ajam wa-man awwal man takallam bi-al-&#699;Arabi&#772;yah min al-umam /</subfield><subfield code="c">Abi&#772; &#699;Umar Yu&#772;suf ibn &#699;Abd al-Barr al-Namari&#772; al-Qurt&#803;ubi&#772;. Wa-yali&#772;hi min ta&#700;li&#772;fihi al-Inba&#772;h &#699;ala&#769; qaba&#772;&#700;il al-ruwa&#772;h.</subfield></datafield><datafield ind1="3" ind2=" " tag="246"><subfield code="6">880-03</subfield><subfield code="a">Qas&#803;d wa-al-amam fi&#772; al-ta&#699;ri&#772;f bi-us&#803;u&#772;l ansa&#772;b al-&#699;Arab wa-al-&#699;Ajam</subfield></datafield><datafield ind1=" " ind2=" " tag="260"><subfield code="6">880-04</subfield><subfield code="a">al-Azhar [Cairo] :</subfield><subfield code="b">Maktabat al-Qudsi&#772;,</subfield><subfield code="c">1350 [1931 or 1932]</subfield></datafield><datafield ind1=" " ind2=" " tag="300"><subfield code="a">online resource (152 pages)</subfield></datafield><datafield ind1=" " ind2=" " tag="336"><subfield code="a">text</subfield><subfield code="2">rdacontent</subfield></datafield><datafield ind1=" " ind2=" " tag="337"><subfield code="a">computer</subfield><subfield code="2">rdamedia</subfield></datafield><datafield ind1=" " ind2=" " tag="338"><subfield code="a">online resource</subfield><subfield code="2">rdacarrier</subfield></datafield><datafield ind1=" " ind2=" " tag="500"><subfield code="a">Part of the Arabic Collections Online (ACO) project, contributed by Columbia University Libraries.</subfield></datafield><datafield ind1=" " ind2=" " tag="533"><subfield code="a">Electronic reproduction.</subfield><subfield code="b">New York, N.Y. :</subfield><subfield code="c">New York University,</subfield><subfield code="d">2015.</subfield><subfield code="5">NNU</subfield></datafield><datafield ind1=" " ind2="0" tag="650"><subfield code="a">Genealogy</subfield><subfield code="v">Early works to 1800.</subfield></datafield><datafield ind1=" " ind2="7" tag="650"><subfield code="a">Genealogy.</subfield><subfield code="2">fast</subfield><subfield code="0">(OCoLC)fst00939652</subfield></datafield><datafield ind1=" " ind2="7" tag="655"><subfield code="a">Early works.</subfield><subfield code="2">fast</subfield><subfield code="0">(OCoLC)fst01411636</subfield></datafield><datafield ind1="1" ind2=" " tag="700"><subfield code="6">880-05</subfield><subfield code="a">Qudsi&#772;, H&#803;usa&#772;m al-Di&#772;n. </subfield></datafield><datafield ind1="1" ind2="2" tag="700"><subfield code="6">880-06</subfield><subfield code="a">Ibn &#699;Abd al-Barr, Yu&#772;suf ibn &#699;Abd Alla&#772;h,</subfield><subfield code="d">978 or 979-1071.</subfield><subfield code="t">Inba&#772;h &#699;ala&#769; qaba&#772;&#700;il al-ruwa&#772;h.</subfield></datafield><datafield ind1="2" ind2=" " tag="710"><subfield code="a">Columbia University.</subfield><subfield code="b">Libraries.</subfield></datafield><datafield ind1="0" ind2=" " tag="730"><subfield code="a">Arabic Collections Online.</subfield></datafield><datafield ind1="0" ind2="2" tag="740"><subfield code="6">880-07</subfield><subfield code="a">Inba&#772;h &#699;ala&#769; qaba&#772;&#700;il al-ruwa&#772;h.</subfield></datafield><datafield ind1="0" ind2="8" tag="776"><subfield code="i">Print version:</subfield><subfield code="a">Ibn &#699;Abd al-Barr, Yu&#772;suf ibn &#699;Abd Alla&#772;h, 978 or 979-1071.</subfield><subfield code="t">al-Qas&#803;d wa-al-umam fi&#772; al-ta&#699;ri&#772;f bi-us&#803;u&#772;l ansa&#772;b al-&#699;Arab wa-al-&#699;Ajam wa-man awwal man takallam bi-al-&#699;Arabi&#772;yah min al-umam</subfield><subfield code="w">(NNC)3233781</subfield><subfield code="w">(OCoLC)43931507</subfield></datafield><datafield ind1="4" ind2="0" tag="856"><subfield code="u">http://hdl.handle.net/2333.1/2rbnzvkb</subfield></datafield><datafield ind1="1" ind2=" " tag="880"><subfield code="6">100-01/r</subfield><subfield code="a">&#1575;&#1576;&#1606; &#1593;&#1576;&#1583; &#1575;&#1604;&#1576;&#1585;&#1548; &#1610;&#1608;&#1587;&#1601; &#1576;&#1606; &#1593;&#1576;&#1583; &#1575;&#1604;&#1604;&#1607;&#1548;,</subfield><subfield code="d">978 or 979-1071.</subfield></datafield><datafield ind1="1" ind2="2" tag="880"><subfield code="6">245-02/r</subfield><subfield code="a">&#1575;&#1604;&#1602;&#1589;&#1583; &#1608;&#1575;&#1604;&#1575;&#1605;&#1605; &#1601;&#1610; &#1575;&#1604;&#1578;&#1593;&#1585;&#1610;&#1601; &#1576;&#1575;&#1589;&#1608;&#1604; &#1575;&#1606;&#1587;&#1575;&#1576; &#1575;&#1604;&#1593;&#1585;&#1576; &#1608;&#1575;&#1604;&#1593;&#1580;&#1605; &#1608;&#1605;&#1606; &#1575;&#1608;&#1604; &#1605;&#1606; &#1578;&#1603;&#1604;&#1605; &#1576;&#1575;&#1604;&#1593;&#1585;&#1576;&#1610;&#1577; &#1605;&#1606; &#1575;&#1604;&#1575;&#1605;&#1605; /</subfield><subfield code="c">&#1575;&#1576;&#1610; &#1593;&#1605;&#1585; &#1610;&#1608;&#1587;&#1601; &#1576;&#1606; &#1593;&#1576;&#1583; &#1575;&#1604;&#1576;&#1585; &#1575;&#1604;&#1606;&#1605;&#1585;&#1610; &#1575;&#1604;&#1602;&#1585;&#1591;&#1576;&#1610;. &#1608;&#1610;&#1604;&#1610;&#1607; &#1605;&#1606; &#1578;&#1571;&#1604;&#1610;&#1601;&#1607; &#1575;&#1604;&#1575;&#1606;&#1576;&#1575;&#1607; &#1593;&#1604;&#1609; &#1602;&#1576;&#1575;&#1574;&#1604; &#1575;&#1604;&#1585;&#1608;&#1575;&#1607;.</subfield></datafield><datafield ind1="3" ind2=" " tag="880"><subfield code="6">246-03/r</subfield><subfield code="a">&#1602;&#1589;&#1583; &#1608;&#1575;&#1604;&#1575;&#1605;&#1605; &#1601;&#1610; &#1575;&#1604;&#1578;&#1593;&#1585;&#1610;&#1601; &#1576;&#1575;&#1589;&#1608;&#1604; &#1575;&#1606;&#1587;&#1575;&#1576; &#1575;&#1604;&#1593;&#1585;&#1576; &#1608;&#1575;&#1604;&#1593;&#1580;&#1605;</subfield></datafield><datafield ind1=" " ind2=" " tag="880"><subfield code="6">260-04/r</subfield><subfield code="a">&#1575;&#1604;&#1571;&#1586;&#1607;&#1585; [&#1575;&#1604;&#1602;&#1575;&#1607;&#1585;&#1577;] :</subfield><subfield code="b">&#1605;&#1603;&#1578;&#1576;&#1577; &#1575;&#1604;&#1602;&#1583;&#1587;&#1610;&#1548;</subfield><subfield code="c">1350 [1931 &#1571;&#1608; 1932]</subfield></datafield><datafield ind1="1" ind2=" " tag="880"><subfield code="6">700-05/r</subfield><subfield code="a">&#1602;&#1583;&#1587;&#1610;&#1548; &#1581;&#1587;&#1575;&#1605; &#1575;&#1604;&#1583;&#1610;&#1606;.</subfield></datafield><datafield ind1="1" ind2="2" tag="880"><subfield code="6">700-06/r</subfield><subfield code="a">&#1575;&#1576;&#1606; &#1593;&#1576;&#1583; &#1575;&#1604;&#1576;&#1585;&#1548; &#1610;&#1608;&#1587;&#1601; &#1576;&#1606; &#1593;&#1576;&#1583; &#1575;&#1604;&#1604;&#1607;&#1548;,</subfield><subfield code="d">978 ir 979-1071.</subfield><subfield code="t">&#1575;&#1606;&#1576;&#1575;&#1607; &#1593;&#1604;&#1609; &#1602;&#1576;&#1575;&#1574;&#1604; &#1575;&#1604;&#1585;&#1608;&#1575;&#1607;.</subfield></datafield><datafield ind1="0" ind2=" " tag="880"><subfield code="6">740-07/r</subfield><subfield code="a">&#1573;&#1606;&#1576;&#1575;&#1607; &#1593;&#1604;&#1609; &#1602;&#1576;&#1575;&#1574;&#1604; &#1575;&#1604;&#1585;&#1608;&#1575;&#1577;.</subfield></datafield><datafield ind1=" " ind2=" " tag="959"><subfield code="a">NNU</subfield><subfield code="b">WEB</subfield><subfield code="c">GENI</subfield><subfield code="t">0</subfield><subfield code="m">Electronic access</subfield><subfield code="s">01</subfield></datafield><datafield ind1=" " ind2=" " tag="999"><subfield code="i">NNC_3233781</subfield><subfield code="o">(OCoLC)ocm43931507</subfield><subfield code="s">columbia_aco000505</subfield><subfield code="e">(ERROR-880)</subfield><subfield code="s">columbia_aco000505</subfield></datafield></record>